
@article{davis1985,
  title = {The Evolution of Large-Scale Structure in a Universe Dominated by Cold Dark Matter},
  volume = {292},
  issn = {0004-637X},
  journal = {The Astrophysical Journal},
  doi = {10.1086/163168},
  author = {Davis, M. and Efstathiou, G. and Frenk, C. S. and White, S. D. M.},
  month = may,
  year = {1985},
  keywords = {Astronomical Models,Red Shift,Galactic Clusters,Galactic Evolution,Many Body Problem,Cosmology,Computational Astrophysics,Computerized Simulation,Correlation,Mass Distribution,Mass To Light Ratios,Matter (Physics),Missing Mass (Astrophysics),Radial Velocity,Weak Interactions (Field Theory)},
  pages = {371-394}
}

@article{springel2005,
  title = {The Cosmological Simulation Code {{GADGET}}-2},
  volume = {364},
  issn = {0035-8711},
  journal = {Monthly Notices of the Royal Astronomical Society},
  doi = {10.1111/j.1365-2966.2005.09655.x},
  author = {Springel, Volker},
  month = dec,
  year = {2005},
  keywords = {dark matter,methods: numerical,galaxies: interactions},
  pages = {1105-1134},
  file = {/Users/ChangHoon/Zotero/storage/C3ZJDC8Q/Springel - 2005 - The cosmological simulation code GADGET-2.pdf}
}

@article{zennaro2017a,
  title = {Initial Conditions for Accurate {{N}}-Body Simulations of Massive Neutrino Cosmologies},
  volume = {466},
  issn = {0035-8711},
  journal = {Monthly Notices of the Royal Astronomical Society},
  doi = {10.1093/mnras/stw3340},
  author = {Zennaro, M. and Bel, J. and {Villaescusa-Navarro}, F. and Carbone, C. and Sefusatti, E. and Guzzo, L.},
  month = apr,
  year = {2017},
  keywords = {large-scale structure of Universe,methods: statistical,methods: numerical,methods: data analysis,methods: analytical},
  pages = {3244-3258},
  file = {/Users/ChangHoon/Zotero/storage/22E8MKM8/Zennaro et al. - 2017 - Initial conditions for accurate N-body simulations.pdf}
}

@article{brandbyge2008,
  title = {The Effect of Thermal Neutrino Motion on the Non-Linear Cosmological Matter Power Spectrum},
  volume = {08},
  issn = {1475-7516},
  journal = {Journal of Cosmology and Astro-Particle Physics},
  doi = {10.1088/1475-7516/2008/08/020},
  author = {Brandbyge, Jacob and Hannestad, Steen and Haugb{\o}lle, Troels and Thomsen, Bjarne},
  month = aug,
  year = {2008},
  pages = {020},
  file = {/Users/ChangHoon/Zotero/storage/ARX646Q4/Brandbyge et al. - 2008 - The effect of thermal neutrino motion on the non-l.pdf}
}

@article{viel2010,
  title = {The Effect of Neutrinos on the Matter Distribution as Probed by the Intergalactic Medium},
  volume = {06},
  issn = {1475-7516},
  journal = {Journal of Cosmology and Astro-Particle Physics},
  doi = {10.1088/1475-7516/2010/06/015},
  author = {Viel, Matteo and Haehnelt, Martin G. and Springel, Volker},
  month = jun,
  year = {2010},
  pages = {015},
  file = {/Users/ChangHoon/Zotero/storage/BTDYB85K/Viel et al. - 2010 - The effect of neutrinos on the matter distribution.pdf}
}

@article{angulo2016,
  title = {Cosmological {{N}}-Body Simulations with Suppressed Variance},
  volume = {462},
  issn = {0035-8711},
  journal = {Monthly Notices of the Royal Astronomical Society},
  doi = {10.1093/mnrasl/slw098},
  author = {Angulo, Raul E. and Pontzen, Andrew},
  month = oct,
  year = {2016},
  keywords = {cosmology: theory,large-scale structure of Universe,methods: numerical},
  pages = {L1-L5},
  file = {/Users/ChangHoon/Zotero/storage/WYX9BK2N/Angulo and Pontzen - 2016 - Cosmological N-body simulations with suppressed va.pdf}
}

@article{pontzen2016,
  title = {Inverted Initial Conditions: {{Exploring}} the Growth of Cosmic Structure and Voids},
  volume = {93},
  issn = {1550-7998},
  shorttitle = {Inverted Initial Conditions},
  journal = {Physical Review D},
  doi = {10.1103/PhysRevD.93.103519},
  author = {Pontzen, Andrew and Slosar, An{\v z}e and Roth, Nina and Peiris, Hiranya V.},
  month = may,
  year = {2016},
  pages = {103519},
  file = {/Users/ChangHoon/Zotero/storage/556ZRRT3/Pontzen et al. - 2016 - Inverted initial conditions Exploring the growth .pdf}
}

@article{chuang2019,
  archivePrefix = {arXiv},
  eprinttype = {arxiv},
  eprint = {1811.02111},
  title = {{{UNIT}} Project: {{Universe}} \${{N}}\$-Body Simulations for the {{Investigation}} of {{Theoretical}} Models from Galaxy Surveys},
  issn = {0035-8711, 1365-2966},
  shorttitle = {{{UNIT}} Project},
  journal = {Monthly Notices of the Royal Astronomical Society},
  doi = {10.1093/mnras/stz1233},
  author = {Chuang, Chia-Hsun and Yepes, Gustavo and Kitaura, Francisco-Shu and {Pellejero-Ibanez}, Marcos and {Rodriguez-Torres}, Sergio and Feng, Yu and Metcalf, R. Benton and Wechsler, Risa H. and Zhao, Cheng and To, Chun-Hao and Alam, Shadab and Banerjee, Arka and DeRose, Joseph and Giocoli, Carlo and Knebe, Alexander and Reyes, Guillermo},
  month = may,
  year = {2019},
  keywords = {Astrophysics - Cosmology and Nongalactic Astrophysics},
  pages = {stz1233},
  file = {/Users/ChangHoon/Zotero/storage/SA63B26F/Chuang et al. - 2019 - UNIT project Universe $N$-body simulations for th.pdf;/Users/ChangHoon/Zotero/storage/SZESD89S/1811.html}
}


