
@article{vakili2016,
  archivePrefix = {arXiv},
  eprinttype = {arxiv},
  eprint = {1610.01991},
  primaryClass = {astro-ph},
  title = {How Are Galaxies Assigned to Halos? {{Searching}} for Assembly Bias in the {{SDSS}} Galaxy Clustering},
  shorttitle = {How Are Galaxies Assigned to Halos?},
  journal = {arXiv:1610.01991 [astro-ph]},
  author = {Vakili, Mohammadjavad and Hahn, Chang Hoon},
  month = oct,
  year = {2016},
  keywords = {Astrophysics - Cosmology and Nongalactic Astrophysics},
  file = {/Users/ChangHoon/Zotero/storage/8EWPJC8D/Vakili and Hahn - 2016 - How are galaxies assigned to halos Searching for .pdf;/Users/ChangHoon/Zotero/storage/BK8P2D6B/1610.html}
}

@article{sefusatti2005,
  archivePrefix = {arXiv},
  eprinttype = {arxiv},
  eprint = {astro-ph/0412626},
  title = {Galaxy {{Bias}} and {{Halo}}-{{Occupation Numbers}} from {{Large}}-{{Scale Clustering}}},
  volume = {71},
  issn = {1550-7998, 1550-2368},
  number = {6},
  journal = {Physical Review D},
  doi = {10.1103/PhysRevD.71.063001},
  author = {Sefusatti, Emiliano and Scoccimarro, Roman},
  month = mar,
  year = {2005},
  keywords = {Astrophysics},
  file = {/Users/ChangHoon/Zotero/storage/9BPZDHBE/Sefusatti and Scoccimarro - 2005 - Galaxy Bias and Halo-Occupation Numbers from Large.pdf;/Users/ChangHoon/Zotero/storage/7J79M9FN/0412626.html}
}

@article{zentner2016,
  archivePrefix = {arXiv},
  eprinttype = {arxiv},
  eprint = {1606.07817},
  primaryClass = {astro-ph},
  title = {Constraints on {{Assembly Bias}} from {{Galaxy Clustering}}},
  journal = {arXiv:1606.07817 [astro-ph]},
  author = {Zentner, Andrew R. and Hearin, Andrew and van den Bosch, Frank C. and Lange, Johannes U. and Villarreal, Antonio},
  month = jun,
  year = {2016},
  keywords = {Astrophysics - Astrophysics of Galaxies},
  file = {/Users/ChangHoon/Zotero/storage/I7S6UKHN/Zentner et al. - 2016 - Constraints on Assembly Bias from Galaxy Clusterin.pdf;/Users/ChangHoon/Zotero/storage/ZAW4WHGZ/1606.html}
}

@article{fuhrer2015,
  archivePrefix = {arXiv},
  eprinttype = {arxiv},
  eprint = {1412.2764},
  title = {Higher-Order Massive Neutrino Perturbations in Large-Scale Structure},
  volume = {2015},
  issn = {1475-7516},
  number = {03},
  journal = {Journal of Cosmology and Astroparticle Physics},
  doi = {10.1088/1475-7516/2015/03/046},
  author = {F{\"u}hrer, Florian and Wong, Yvonne Y. Y.},
  month = mar,
  year = {2015},
  keywords = {Astrophysics - Cosmology and Nongalactic Astrophysics,High Energy Physics - Phenomenology},
  pages = {046-046},
  file = {/Users/ChangHoon/Zotero/storage/X4R2DRHH/Führer and Wong - 2015 - Higher-order massive neutrino perturbations in lar.pdf;/Users/ChangHoon/Zotero/storage/QEZ68TT6/1412.html}
}

@article{levi2016,
  archivePrefix = {arXiv},
  eprinttype = {arxiv},
  eprint = {1605.09417},
  primaryClass = {astro-ph, physics:gr-qc, physics:hep-ph},
  title = {Massive Neutrinos in Nonlinear Large Scale Structure: {{A}} Consistent Perturbation Theory},
  shorttitle = {Massive Neutrinos in Nonlinear Large Scale Structure},
  journal = {arXiv:1605.09417 [astro-ph, physics:gr-qc, physics:hep-ph]},
  author = {Levi, Michele and Vlah, Zvonimir},
  month = may,
  year = {2016},
  keywords = {Astrophysics - Cosmology and Nongalactic Astrophysics,General Relativity and Quantum Cosmology,High Energy Physics - Phenomenology},
  file = {/Users/ChangHoon/Zotero/storage/25VNPS4H/Levi and Vlah - 2016 - Massive neutrinos in nonlinear large scale structu.pdf;/Users/ChangHoon/Zotero/storage/7MKXZ7K9/1605.html}
}

@article{davis1985,
  title = {The Evolution of Large-Scale Structure in a Universe Dominated by Cold Dark Matter},
  volume = {292},
  issn = {0004-637X},
  journal = {The Astrophysical Journal},
  doi = {10.1086/163168},
  author = {Davis, M. and Efstathiou, G. and Frenk, C. S. and White, S. D. M.},
  month = may,
  year = {1985},
  keywords = {Astronomical Models,Red Shift,Galactic Clusters,Galactic Evolution,Many Body Problem,Cosmology,Computational Astrophysics,Computerized Simulation,Correlation,Mass Distribution,Mass To Light Ratios,Matter (Physics),Missing Mass (Astrophysics),Radial Velocity,Weak Interactions (Field Theory)},
  pages = {371-394}
}

@article{massara2014,
  archivePrefix = {arXiv},
  eprinttype = {arxiv},
  eprint = {1410.6813},
  title = {The Halo Model in a Massive Neutrino Cosmology},
  volume = {2014},
  issn = {1475-7516},
  number = {12},
  journal = {Journal of Cosmology and Astroparticle Physics},
  doi = {10.1088/1475-7516/2014/12/053},
  author = {Massara, Elena and {Villaescusa-Navarro}, Francisco and Viel, Matteo},
  month = dec,
  year = {2014},
  keywords = {Astrophysics - Cosmology and Nongalactic Astrophysics,High Energy Physics - Phenomenology},
  pages = {053-053},
  file = {/Users/ChangHoon/Zotero/storage/M5XT8BBX/Massara et al. - 2014 - The halo model in a massive neutrino cosmology.pdf;/Users/ChangHoon/Zotero/storage/7WZ8PFDV/1410.html}
}

@article{carron2013,
  archivePrefix = {arXiv},
  eprinttype = {arxiv},
  eprint = {1204.4724},
  title = {On the Assumption of {{Gaussianity}} for Cosmological Two-Point Statistics and Parameter Dependent Covariance Matrices},
  volume = {551},
  issn = {0004-6361, 1432-0746},
  journal = {Astronomy \& Astrophysics},
  doi = {10.1051/0004-6361/201220538},
  author = {Carron, Julien},
  month = mar,
  year = {2013},
  keywords = {Astrophysics - Cosmology and Nongalactic Astrophysics},
  pages = {A88},
  file = {/Users/ChangHoon/Zotero/storage/NURC42UJ/Carron - 2013 - On the assumption of Gaussianity for cosmological .pdf;/Users/ChangHoon/Zotero/storage/G3Q2R5F5/1204.html}
}

@article{gil-marin2017,
  title = {The Clustering of Galaxies in the {{SDSS}}-{{III Baryon Oscillation Spectroscopic Survey}}: {{RSD}} Measurement from the Power Spectrum and Bispectrum of the {{DR12 BOSS}} Galaxies},
  volume = {465},
  issn = {0035-8711},
  shorttitle = {The Clustering of Galaxies in the {{SDSS}}-{{III Baryon Oscillation Spectroscopic Survey}}},
  journal = {Monthly Notices of the Royal Astronomical Society},
  doi = {10.1093/mnras/stw2679},
  author = {{Gil-Mar{\'i}n}, H{\'e}ctor and Percival, Will J. and Verde, Licia and Brownstein, Joel R. and Chuang, Chia-Hsun and Kitaura, Francisco-Shu and {Rodr{\'i}guez-Torres}, Sergio A. and Olmstead, Matthew D.},
  month = feb,
  year = {2017},
  keywords = {large-scale structure of Universe,cosmological parameters},
  pages = {1757-1788},
  file = {/Users/ChangHoon/Zotero/storage/C4GXCA8I/Gil-Marín et al. - 2017 - The clustering of galaxies in the SDSS-III Baryon .pdf}
}

@article{scoccimarro2015,
  archivePrefix = {arXiv},
  eprinttype = {arxiv},
  eprint = {1506.02729},
  title = {Fast {{Estimators}} for {{Redshift}}-{{Space Clustering}}},
  volume = {92},
  issn = {1550-7998, 1550-2368},
  number = {8},
  journal = {Physical Review D},
  doi = {10.1103/PhysRevD.92.083532},
  author = {Scoccimarro, Roman},
  month = oct,
  year = {2015},
  keywords = {Astrophysics - Cosmology and Nongalactic Astrophysics},
  file = {/Users/ChangHoon/Zotero/storage/C5K4Q7TE/Scoccimarro - 2015 - Fast Estimators for Redshift-Space Clustering.pdf;/Users/ChangHoon/Zotero/storage/D3AQ8M4X/1506.html}
}

@article{sefusatti2016,
  title = {Accurate Estimators of Correlation Functions in {{Fourier}} Space},
  volume = {460},
  issn = {0035-8711},
  journal = {Monthly Notices of the Royal Astronomical Society},
  doi = {10.1093/mnras/stw1229},
  author = {Sefusatti, E. and Crocce, M. and Scoccimarro, R. and Couchman, H. M. P.},
  month = aug,
  year = {2016},
  keywords = {large-scale structure of Universe,methods: data analysis,methods: analytical,METHODS: STATISTICAL,METHODS: NUMERICAL},
  pages = {3624-3636},
  file = {/Users/ChangHoon/Zotero/storage/SQR7KK27/Sefusatti et al. - 2016 - Accurate estimators of correlation functions in Fo.pdf}
}

@article{tegmark1997,
  title = {Karhunen-{{Lo{\`e}ve Eigenvalue Problems}} in {{Cosmology}}: {{How Should We Tackle Large Data Sets}}?},
  volume = {480},
  issn = {0004-637X},
  shorttitle = {Karhunen-{{Lo{\`e}ve Eigenvalue Problems}} in {{Cosmology}}},
  journal = {The Astrophysical Journal},
  doi = {10.1086/303939},
  author = {Tegmark, Max and Taylor, Andy N. and Heavens, Alan F.},
  month = may,
  year = {1997},
  keywords = {Cosmology: Cosmic Microwave Background,COSMOLOGY: LARGE-SCALE STRUCTURE OF UNIVERSE,cosmology: theory,methods: data analysis,METHODS: STATISTICAL},
  pages = {22-35},
  file = {/Users/ChangHoon/Zotero/storage/RFASWBJ5/Tegmark et al. - 1997 - Karhunen-Loève Eigenvalue Problems in Cosmology H.pdf}
}

@article{tinker2013,
  title = {Evolution of the {{Stellar}}-to-Dark {{Matter Relation}}: {{Separating Star}}-Forming and {{Passive Galaxies}} from z = 1 to 0},
  volume = {778},
  issn = {0004-637X},
  shorttitle = {Evolution of the {{Stellar}}-to-Dark {{Matter Relation}}},
  journal = {The Astrophysical Journal},
  doi = {10.1088/0004-637X/778/2/93},
  author = {Tinker, Jeremy L. and Leauthaud, Alexie and Bundy, Kevin and George, Matthew R. and Behroozi, Peter and Massey, Richard and Rhodes, Jason and Wechsler, Risa H.},
  month = dec,
  year = {2013},
  keywords = {galaxies: evolution,galaxies: halos,Cosmology: Observations},
  pages = {93},
  file = {/Users/ChangHoon/Zotero/storage/896ASM82/Tinker et al. - 2013 - Evolution of the Stellar-to-dark Matter Relation .pdf}
}

@article{villaescusa-navarro2018,
  title = {The {{Imprint}} of {{Neutrinos}} on {{Clustering}} in {{Redshift Space}}},
  volume = {861},
  issn = {0004-637X},
  journal = {The Astrophysical Journal},
  doi = {10.3847/1538-4357/aac6bf},
  author = {{Villaescusa-Navarro}, Francisco and Banerjee, Arka and Dalal, Neal and Castorina, Emanuele and Scoccimarro, Roman and Angulo, Raul and Spergel, David N.},
  month = jul,
  year = {2018},
  keywords = {cosmology: theory,neutrinos,large-scale structure of universe},
  pages = {53},
  file = {/Users/ChangHoon/Zotero/storage/CFYH2TRI/Villaescusa-Navarro et al. - 2018 - The Imprint of Neutrinos on Clustering in Redshift.pdf}
}

@article{leauthaud2012a,
  title = {New {{Constraints}} on the {{Evolution}} of the {{Stellar}}-to-Dark {{Matter Connection}}: {{A Combined Analysis}} of {{Galaxy}}-{{Galaxy Lensing}}, {{Clustering}}, and {{Stellar Mass Functions}} from z = 0.2 to z =1},
  volume = {744},
  issn = {0004-637X},
  shorttitle = {New {{Constraints}} on the {{Evolution}} of the {{Stellar}}-to-Dark {{Matter Connection}}},
  journal = {The Astrophysical Journal},
  doi = {10.1088/0004-637X/744/2/159},
  author = {Leauthaud, Alexie and Tinker, Jeremy and Bundy, Kevin and Behroozi, Peter S. and Massey, Richard and Rhodes, Jason and George, Matthew R. and Kneib, Jean-Paul and Benson, Andrew and Wechsler, Risa H. and Busha, Michael T. and Capak, Peter and Cort{\^e}s, Marina and Ilbert, Olivier and Koekemoer, Anton M. and Le F{\`e}vre, Oliver and Lilly, Simon and McCracken, Henry J. and Salvato, Mara and Schrabback, Tim and Scoville, Nick and Smith, Tristan and Taylor, James E.},
  month = jan,
  year = {2012},
  keywords = {dark matter,galaxies: evolution,galaxies: formation,gravitational lensing: weak,galaxies: luminosity function,mass function,galaxies: stellar content},
  pages = {159},
  file = {/Users/ChangHoon/Zotero/storage/FALS2ILM/Leauthaud et al. - 2012 - New Constraints on the Evolution of the Stellar-to.pdf}
}

@article{chan2017,
  archivePrefix = {arXiv},
  eprinttype = {arxiv},
  eprint = {1610.06585},
  title = {Assessment of the {{Information Content}} of the {{Power Spectrum}} and {{Bispectrum}}},
  volume = {96},
  issn = {2470-0010, 2470-0029},
  number = {2},
  journal = {Physical Review D},
  doi = {10.1103/PhysRevD.96.023528},
  author = {Chan, Kwan Chuen and Blot, Linda},
  month = jul,
  year = {2017},
  keywords = {Astrophysics - Cosmology and Nongalactic Astrophysics},
  file = {/Users/ChangHoon/Zotero/storage/QNCCWUMG/Chan and Blot - 2017 - Assessment of the Information Content of the Power.pdf;/Users/ChangHoon/Zotero/storage/LR4NVP5K/1610.html}
}

@article{long2017,
  archivePrefix = {arXiv},
  eprinttype = {arxiv},
  eprint = {1711.08434},
  primaryClass = {astro-ph, physics:hep-ph, physics:hep-th},
  title = {Neutrino {{Mass Priors}} for {{Cosmology}} from {{Random Matrices}}},
  journal = {arXiv:1711.08434 [astro-ph, physics:hep-ph, physics:hep-th]},
  author = {Long, Andrew J. and Raveri, Marco and Hu, Wayne and Dodelson, Scott},
  month = nov,
  year = {2017},
  keywords = {Astrophysics - Cosmology and Nongalactic Astrophysics,High Energy Physics - Phenomenology,High Energy Physics - Theory},
  file = {/Users/ChangHoon/Zotero/storage/KS7PR3FG/Long et al. - 2017 - Neutrino Mass Priors for Cosmology from Random Mat.pdf;/Users/ChangHoon/Zotero/storage/JGCLAHG4/1711.html}
}

@article{lattanzi2017,
  archivePrefix = {arXiv},
  eprinttype = {arxiv},
  eprint = {1712.07109},
  primaryClass = {astro-ph, physics:hep-ph},
  title = {Status of Neutrino Properties and Future Prospects - {{Cosmological}} and Astrophysical Constraints},
  journal = {arXiv:1712.07109 [astro-ph, physics:hep-ph]},
  author = {Lattanzi, Massimiliano and Gerbino, Martina},
  month = dec,
  year = {2017},
  keywords = {Astrophysics - Cosmology and Nongalactic Astrophysics,High Energy Physics - Phenomenology},
  file = {/Users/ChangHoon/Zotero/storage/UEQH3U5Z/Lattanzi and Gerbino - 2017 - Status of neutrino properties and future prospects.pdf;/Users/ChangHoon/Zotero/storage/MCKI3ZDC/1712.html}
}

@article{banerjee2018,
  archivePrefix = {arXiv},
  eprinttype = {arxiv},
  eprint = {1801.03906},
  primaryClass = {astro-ph},
  title = {Reducing {{Noise}} in {{Cosmological N}}-Body {{Simulations}} with {{Neutrinos}}},
  journal = {arXiv:1801.03906 [astro-ph]},
  author = {Banerjee, Arka and Powell, Devon and Abel, Tom and {Villaescusa-Navarro}, Francisco},
  month = jan,
  year = {2018},
  keywords = {Astrophysics - Cosmology and Nongalactic Astrophysics},
  file = {/Users/ChangHoon/Zotero/storage/7BZY73LW/Banerjee et al. - 2018 - Reducing Noise in Cosmological N-body Simulations .pdf;/Users/ChangHoon/Zotero/storage/74ZHAIIU/1801.html}
}

@article{liu2017,
  archivePrefix = {arXiv},
  eprinttype = {arxiv},
  eprint = {1711.10524},
  primaryClass = {astro-ph},
  title = {{{MassiveNuS}}: {{Cosmological Massive Neutrino Simulations}}},
  shorttitle = {{{MassiveNuS}}},
  journal = {arXiv:1711.10524 [astro-ph]},
  author = {Liu, Jia and Bird, Simeon and Matilla, Jos{\'e} Manuel Zorrilla and Hill, J. Colin and Haiman, Zolt{\'a}n and Madhavacheril, Mathew S. and Petri, Andrea and Spergel, David N.},
  month = nov,
  year = {2017},
  keywords = {Astrophysics - Astrophysics of Galaxies,Astrophysics - Cosmology and Nongalactic Astrophysics},
  file = {/Users/ChangHoon/Zotero/storage/TK9FHTVQ/Liu et al. - 2017 - MassiveNuS Cosmological Massive Neutrino Simulati.pdf;/Users/ChangHoon/Zotero/storage/64WZQG2C/1711.html}
}

@article{springel2005,
  title = {The Cosmological Simulation Code {{GADGET}}-2},
  volume = {364},
  issn = {0035-8711},
  journal = {Monthly Notices of the Royal Astronomical Society},
  doi = {10.1111/j.1365-2966.2005.09655.x},
  author = {Springel, Volker},
  month = dec,
  year = {2005},
  keywords = {dark matter,methods: numerical,galaxies: interactions},
  pages = {1105-1134},
  file = {/Users/ChangHoon/Zotero/storage/C3ZJDC8Q/Springel - 2005 - The cosmological simulation code GADGET-2.pdf}
}

@article{castorina2014,
  title = {Cosmology with Massive Neutrinos {{II}}: On the Universality of the Halo Mass Function and Bias},
  volume = {02},
  issn = {1475-7516},
  shorttitle = {Cosmology with Massive Neutrinos {{II}}},
  journal = {Journal of Cosmology and Astro-Particle Physics},
  doi = {10.1088/1475-7516/2014/02/049},
  author = {Castorina, Emanuele and Sefusatti, Emiliano and Sheth, Ravi K. and {Villaescusa-Navarro}, Francisco and Viel, Matteo},
  month = feb,
  year = {2014},
  pages = {049},
  file = {/Users/ChangHoon/Zotero/storage/KJR4Z9F9/Castorina et al. - 2014 - Cosmology with massive neutrinos II on the univer.pdf}
}

@article{ruggeri2018,
  archivePrefix = {arXiv},
  eprinttype = {arxiv},
  eprint = {1712.02334},
  title = {{{DEMNUni}}: {{Massive}} Neutrinos and the Bispectrum of Large Scale Structures},
  volume = {2018},
  issn = {1475-7516},
  shorttitle = {{{DEMNUni}}},
  number = {03},
  journal = {Journal of Cosmology and Astroparticle Physics},
  doi = {10.1088/1475-7516/2018/03/003},
  author = {Ruggeri, Rossana and Castorina, Emanuele and Carbone, Carmelita and Sefusatti, Emiliano},
  month = mar,
  year = {2018},
  keywords = {Astrophysics - Cosmology and Nongalactic Astrophysics},
  pages = {003-003},
  file = {/Users/ChangHoon/Zotero/storage/VNCI568G/Ruggeri et al. - 2018 - DEMNUni Massive neutrinos and the bispectrum of l.pdf;/Users/ChangHoon/Zotero/storage/6ZK7MRBG/1712.html}
}

@article{yu2018,
  archivePrefix = {arXiv},
  eprinttype = {arxiv},
  eprint = {1809.02120},
  primaryClass = {astro-ph},
  title = {Towards {{Neutrino Mass}} from {{Cosmology}} without {{Optical Depth Information}}},
  journal = {arXiv:1809.02120 [astro-ph]},
  author = {Yu, Byeonghee and Knight, Robert Z. and Sherwin, Blake D. and Ferraro, Simone and Knox, Lloyd and Schmittfull, Marcel},
  month = sep,
  year = {2018},
  keywords = {Astrophysics - Cosmology and Nongalactic Astrophysics},
  file = {/Users/ChangHoon/Zotero/storage/JQ86Y5S9/Yu et al. - 2018 - Towards Neutrino Mass from Cosmology without Optic.pdf;/Users/ChangHoon/Zotero/storage/5W4N6DEB/1809.html}
}

@article{dodelson2016,
  archivePrefix = {arXiv},
  eprinttype = {arxiv},
  eprint = {1604.07626},
  primaryClass = {astro-ph},
  title = {Cosmic {{Visions Dark Energy}}: {{Science}}},
  shorttitle = {Cosmic {{Visions Dark Energy}}},
  journal = {arXiv:1604.07626 [astro-ph]},
  author = {Dodelson, Scott and Heitmann, Katrin and Hirata, Chris and Honscheid, Klaus and Roodman, Aaron and Seljak, Uro{\v s} and Slosar, An{\v z}e and Trodden, Mark},
  month = apr,
  year = {2016},
  keywords = {Astrophysics - Cosmology and Nongalactic Astrophysics},
  file = {/Users/ChangHoon/Zotero/storage/B5N4FDL7/Dodelson et al. - 2016 - Cosmic Visions Dark Energy Science.pdf;/Users/ChangHoon/Zotero/storage/2PAPJD4Z/1604.html}
}

@article{verde2010,
  archivePrefix = {arXiv},
  eprinttype = {arxiv},
  eprint = {0911.3105},
  primaryClass = {astro-ph},
  title = {Statistical Methods in Cosmology},
  volume = {800},
  journal = {arXiv:0911.3105 [astro-ph]},
  doi = {10.1007/978-3-642-10598-2_4},
  author = {Verde, Licia},
  year = {2010},
  keywords = {Astrophysics - Cosmology and Nongalactic Astrophysics},
  pages = {147-177},
  file = {/Users/ChangHoon/Zotero/storage/QJEG8TCH/Verde - 2010 - Statistical methods in cosmology.pdf;/Users/ChangHoon/Zotero/storage/7YCRX7GN/0911.html}
}

@article{wolz2012,
  archivePrefix = {arXiv},
  eprinttype = {arxiv},
  eprint = {1205.3984},
  title = {On the {{Validity}} of {{Cosmological Fisher Matrix Forecasts}}},
  volume = {2012},
  issn = {1475-7516},
  number = {09},
  journal = {Journal of Cosmology and Astroparticle Physics},
  doi = {10.1088/1475-7516/2012/09/009},
  author = {Wolz, Laura and Kilbinger, Martin and Weller, Jochen and Giannantonio, Tommaso},
  month = sep,
  year = {2012},
  keywords = {Astrophysics - Cosmology and Nongalactic Astrophysics},
  pages = {009-009},
  file = {/Users/ChangHoon/Zotero/storage/3A86P63N/Wolz et al. - 2012 - On the Validity of Cosmological Fisher Matrix Fore.pdf;/Users/ChangHoon/Zotero/storage/YUJEEQMD/1205.html}
}

@article{heavens2009,
  archivePrefix = {arXiv},
  eprinttype = {arxiv},
  eprint = {0906.0664},
  primaryClass = {astro-ph},
  title = {Statistical Techniques in Cosmology},
  journal = {arXiv:0906.0664 [astro-ph]},
  author = {Heavens, Alan},
  month = jun,
  year = {2009},
  keywords = {Astrophysics - Cosmology and Nongalactic Astrophysics,Astrophysics - Instrumentation and Methods for Astrophysics},
  file = {/Users/ChangHoon/Zotero/storage/MW6WPQPA/Heavens - 2009 - Statistical techniques in cosmology.pdf;/Users/ChangHoon/Zotero/storage/GL9WHBEB/0906.html}
}

@article{sefusatti2006,
  archivePrefix = {arXiv},
  eprinttype = {arxiv},
  eprint = {astro-ph/0604505},
  title = {Cosmology and the {{Bispectrum}}},
  volume = {74},
  issn = {1550-7998, 1550-2368},
  number = {2},
  journal = {Physical Review D},
  doi = {10.1103/PhysRevD.74.023522},
  author = {Sefusatti, Emiliano and Crocce, Martin and Pueblas, Sebastian and Scoccimarro, Roman},
  month = jul,
  year = {2006},
  keywords = {Astrophysics},
  file = {/Users/ChangHoon/Zotero/storage/8P3NUERA/Sefusatti et al. - 2006 - Cosmology and the Bispectrum.pdf;/Users/ChangHoon/Zotero/storage/AJ7R24EN/0604505.html}
}

@article{ade2016a,
  title = {Planck 2015 Results - {{XIII}}. {{Cosmological}} Parameters},
  volume = {594},
  copyright = {\textcopyright{} ESO, 2016},
  issn = {0004-6361, 1432-0746},
  language = {en},
  journal = {Astronomy \& Astrophysics},
  doi = {10.1051/0004-6361/201525830},
  author = {Ade, P. a. R. and Aghanim, N. and Arnaud, M. and Ashdown, M. and Aumont, J. and Baccigalupi, C. and Banday, A. J. and Barreiro, R. B. and Bartlett, J. G. and Bartolo, N. and Battaner, E. and Battye, R. and Benabed, K. and Beno{\^i}t, A. and {Benoit-L{\'e}vy}, A. and Bernard, J.-P. and Bersanelli, M. and Bielewicz, P. and Bock, J. J. and Bonaldi, A. and Bonavera, L. and Bond, J. R. and Borrill, J. and Bouchet, F. R. and Boulanger, F. and Bucher, M. and Burigana, C. and Butler, R. C. and Calabrese, E. and Cardoso, J.-F. and Catalano, A. and Challinor, A. and Chamballu, A. and Chary, R.-R. and Chiang, H. C. and Chluba, J. and Christensen, P. R. and Church, S. and Clements, D. L. and Colombi, S. and Colombo, L. P. L. and Combet, C. and Coulais, A. and Crill, B. P. and Curto, A. and Cuttaia, F. and Danese, L. and Davies, R. D. and Davis, R. J. and de Bernardis, P. and de Rosa, A. and de Zotti, G. and Delabrouille, J. and D{\'e}sert, F.-X. and Valentino, E. Di and Dickinson, C. and Diego, J. M. and Dolag, K. and Dole, H. and Donzelli, S. and Dor{\'e}, O. and Douspis, M. and Ducout, A. and Dunkley, J. and Dupac, X. and Efstathiou, G. and Elsner, F. and En{\ss}lin, T. A. and Eriksen, H. K. and Farhang, M. and Fergusson, J. and Finelli, F. and Forni, O. and Frailis, M. and Fraisse, A. A. and Franceschi, E. and Frejsel, A. and Galeotta, S. and Galli, S. and Ganga, K. and Gauthier, C. and Gerbino, M. and Ghosh, T. and Giard, M. and {Giraud-H{\'e}raud}, Y. and Giusarma, E. and Gjerl{\o}w, E. and {Gonz{\'a}lez-Nuevo}, J. and G{\'o}rski, K. M. and Gratton, S. and Gregorio, A. and Gruppuso, A. and Gudmundsson, J. E. and Hamann, J. and Hansen, F. K. and Hanson, D. and Harrison, D. L. and Helou, G. and {Henrot-Versill{\'e}}, S. and {Hern{\'a}ndez-Monteagudo}, C. and Herranz, D. and Hildebrandt, S. R. and Hivon, E. and Hobson, M. and Holmes, W. A. and Hornstrup, A. and Hovest, W. and Huang, Z. and Huffenberger, K. M. and Hurier, G. and Jaffe, A. H. and Jaffe, T. R. and Jones, W. C. and Juvela, M. and Keih{\"a}nen, E. and Keskitalo, R. and Kisner, T. S. and Kneissl, R. and Knoche, J. and Knox, L. and Kunz, M. and {Kurki-Suonio}, H. and Lagache, G. and L{\"a}hteenm{\"a}ki, A. and Lamarre, J.-M. and Lasenby, A. and Lattanzi, M. and Lawrence, C. R. and Leahy, J. P. and Leonardi, R. and Lesgourgues, J. and Levrier, F. and Lewis, A. and Liguori, M. and Lilje, P. B. and {Linden-V{\o}rnle}, M. and {L{\'o}pez-Caniego}, M. and Lubin, P. M. and {Mac{\'i}as-P{\'e}rez}, J. F. and Maggio, G. and Maino, D. and Mandolesi, N. and Mangilli, A. and Marchini, A. and Maris, M. and Martin, P. G. and Martinelli, M. and {Mart{\'i}nez-Gonz{\'a}lez}, E. and Masi, S. and Matarrese, S. and McGehee, P. and Meinhold, P. R. and Melchiorri, A. and Melin, J.-B. and Mendes, L. and Mennella, A. and Migliaccio, M. and Millea, M. and Mitra, S. and {Miville-Desch{\^e}nes}, M.-A. and Moneti, A. and Montier, L. and Morgante, G. and Mortlock, D. and Moss, A. and Munshi, D. and Murphy, J. A. and Naselsky, P. and Nati, F. and Natoli, P. and Netterfield, C. B. and {N{\o}rgaard-Nielsen}, H. U. and Noviello, F. and Novikov, D. and Novikov, I. and Oxborrow, C. A. and Paci, F. and Pagano, L. and Pajot, F. and Paladini, R. and Paoletti, D. and Partridge, B. and Pasian, F. and Patanchon, G. and Pearson, T. J. and Perdereau, O. and Perotto, L. and Perrotta, F. and Pettorino, V. and Piacentini, F. and Piat, M. and Pierpaoli, E. and Pietrobon, D. and Plaszczynski, S. and Pointecouteau, E. and Polenta, G. and Popa, L. and Pratt, G. W. and Pr{\'e}zeau, G. and Prunet, S. and Puget, J.-L. and Rachen, J. P. and Reach, W. T. and Rebolo, R. and Reinecke, M. and Remazeilles, M. and Renault, C. and Renzi, A. and Ristorcelli, I. and Rocha, G. and Rosset, C. and Rossetti, M. and Roudier, G. and {d'Orfeuil}, B. Rouill{\'e} and {Rowan-Robinson}, M. and {Rubi{\~n}o-Mart{\'i}n}, J. A. and Rusholme, B. and Said, N. and Salvatelli, V. and Salvati, L. and Sandri, M. and Santos, D. and Savelainen, M. and Savini, G. and Scott, D. and Seiffert, M. D. and Serra, P. and Shellard, E. P. S. and Spencer, L. D. and Spinelli, M. and Stolyarov, V. and Stompor, R. and Sudiwala, R. and Sunyaev, R. and Sutton, D. and {Suur-Uski}, A.-S. and Sygnet, J.-F. and Tauber, J. A. and Terenzi, L. and Toffolatti, L. and Tomasi, M. and Tristram, M. and Trombetti, T. and Tucci, M. and Tuovinen, J. and T{\"u}rler, M. and Umana, G. and Valenziano, L. and Valiviita, J. and Tent, F. Van and Vielva, P. and Villa, F. and Wade, L. A. and Wandelt, B. D. and Wehus, I. K. and White, M. and White, S. D. M. and Wilkinson, A. and Yvon, D. and Zacchei, A. and Zonca, A. and Zonca, A.},
  month = oct,
  year = {2016},
  pages = {A13},
  file = {/Users/ChangHoon/Zotero/storage/VQHSI8AF/Ade et al. - 2016 - Planck 2015 results - XIII. Cosmological parameter.pdf}
}

@article{zennaro2017a,
  title = {Initial Conditions for Accurate {{N}}-Body Simulations of Massive Neutrino Cosmologies},
  volume = {466},
  issn = {0035-8711},
  journal = {Monthly Notices of the Royal Astronomical Society},
  doi = {10.1093/mnras/stw3340},
  author = {Zennaro, M. and Bel, J. and {Villaescusa-Navarro}, F. and Carbone, C. and Sefusatti, E. and Guzzo, L.},
  month = apr,
  year = {2017},
  keywords = {large-scale structure of Universe,methods: statistical,methods: numerical,methods: data analysis,methods: analytical},
  pages = {3244-3258},
  file = {/Users/ChangHoon/Zotero/storage/22E8MKM8/Zennaro et al. - 2017 - Initial conditions for accurate N-body simulations.pdf}
}

@article{brandbyge2008,
  title = {The Effect of Thermal Neutrino Motion on the Non-Linear Cosmological Matter Power Spectrum},
  volume = {08},
  issn = {1475-7516},
  journal = {Journal of Cosmology and Astro-Particle Physics},
  doi = {10.1088/1475-7516/2008/08/020},
  author = {Brandbyge, Jacob and Hannestad, Steen and Haugb{\o}lle, Troels and Thomsen, Bjarne},
  month = aug,
  year = {2008},
  pages = {020},
  file = {/Users/ChangHoon/Zotero/storage/ARX646Q4/Brandbyge et al. - 2008 - The effect of thermal neutrino motion on the non-l.pdf}
}

@article{viel2010,
  title = {The Effect of Neutrinos on the Matter Distribution as Probed by the Intergalactic Medium},
  volume = {06},
  issn = {1475-7516},
  journal = {Journal of Cosmology and Astro-Particle Physics},
  doi = {10.1088/1475-7516/2010/06/015},
  author = {Viel, Matteo and Haehnelt, Martin G. and Springel, Volker},
  month = jun,
  year = {2010},
  pages = {015},
  file = {/Users/ChangHoon/Zotero/storage/BTDYB85K/Viel et al. - 2010 - The effect of neutrinos on the matter distribution.pdf}
}

@article{ichiki2012,
  title = {Impact of Massive Neutrinos on the Abundance of Massive Clusters},
  volume = {85},
  issn = {1550-7998},
  journal = {Physical Review D},
  doi = {10.1103/PhysRevD.85.063521},
  author = {Ichiki, Kiyotomo and Takada, Masahiro},
  month = mar,
  year = {2012},
  keywords = {large-scale structure of the Universe,Observational cosmology,Superclusters,Neutrino mass and mixing},
  pages = {063521},
  file = {/Users/ChangHoon/Zotero/storage/5TMSZPXA/Ichiki and Takada - 2012 - Impact of massive neutrinos on the abundance of ma.pdf}
}

@article{loverde2014,
  title = {Spherical Collapse in {{$\nu\Lambda$CDM}}},
  volume = {90},
  issn = {1550-7998},
  journal = {Physical Review D},
  doi = {10.1103/PhysRevD.90.083518},
  author = {LoVerde, Marilena},
  month = oct,
  year = {2014},
  keywords = {Cosmology,cosmic rays,Galaxy clusters,Neutrino muon pion and other elementary particles},
  pages = {083518},
  file = {/Users/ChangHoon/Zotero/storage/N3TFUV2J/LoVerde - 2014 - Spherical collapse in νΛCDM.pdf}
}

@article{villaescusa-navarro2014,
  title = {Cosmology with Massive Neutrinos {{I}}: Towards a Realistic Modeling of the Relation between Matter, Haloes and Galaxies},
  volume = {03},
  issn = {1475-7516},
  shorttitle = {Cosmology with Massive Neutrinos {{I}}},
  journal = {Journal of Cosmology and Astro-Particle Physics},
  doi = {10.1088/1475-7516/2014/03/011},
  author = {{Villaescusa-Navarro}, Francisco and Marulli, Federico and Viel, Matteo and Branchini, Enzo and Castorina, Emanuele and Sefusatti, Emiliano and Saito, Shun},
  month = mar,
  year = {2014},
  pages = {011},
  file = {/Users/ChangHoon/Zotero/storage/N4KVF4WA/Villaescusa-Navarro et al. - 2014 - Cosmology with massive neutrinos I towards a real.pdf}
}

@article{scoccimarro1998a,
  title = {Nonlinear {{Evolution}} of the {{Bispectrum}} of {{Cosmological Perturbations}}},
  volume = {496},
  issn = {0004-637X},
  language = {en},
  number = {2},
  journal = {The Astrophysical Journal},
  doi = {10.1086/305399},
  author = {Scoccimarro, Rom{\'a}n and Colombi, St{\'e}phane and Fry, J. N. and Frieman, Joshua A. and Hivon, Eric and Melott, Adrian},
  month = apr,
  year = {1998},
  pages = {586},
  file = {/Users/ChangHoon/Zotero/storage/6EXKT9XI/Scoccimarro et al. - 1998 - Nonlinear Evolution of the Bispectrum of Cosmologi.pdf;/Users/ChangHoon/Zotero/storage/8QZRWSMY/305399.html}
}

@book{hockney1981,
  title = {Computer {{Simulation Using Particles}}},
  author = {Hockney, R. W. and Eastwood, J. W.},
  year = {1981}
}

@article{sefusatti2005a,
  title = {Probing Fundamental Physics with Large-Scale Structure: {{From}} Galaxy Formation to Inflation},
  issn = {0542072610},
  shorttitle = {Probing Fundamental Physics with Large-Scale Structure},
  journal = {Ph.D. Thesis},
  author = {Sefusatti, Emiliano},
  month = dec,
  year = {2005},
  keywords = {Cosmology,Galaxy formation,Inflation},
  pages = {2114}
}

@book{peebles1980,
  title = {The Large-Scale Structure of the Universe},
  author = {Peebles, P. J. E.},
  year = {1980},
  keywords = {Astronomical Models,Galactic Clusters,Galactic Evolution,Universe,Cosmology,Correlation,Mass Distribution,Particle Motion,Relativistic Theory,Statistical Distributions}
}

@article{jungman1996,
  title = {Cosmological-Parameter Determination with Microwave Background Maps},
  volume = {54},
  issn = {1550-7998},
  journal = {Physical Review D},
  doi = {10.1103/PhysRevD.54.1332},
  author = {Jungman, Gerard and Kamionkowski, Marc and Kosowsky, Arthur and Spergel, David N.},
  month = jul,
  year = {1996},
  keywords = {Observational cosmology,Background radiations,Origin and formation of the Universe},
  pages = {1332-1344},
  file = {/Users/ChangHoon/Zotero/storage/2YC4X6VE/Jungman et al. - 1996 - Cosmological-parameter determination with microwav.pdf}
}

@book{dodelson2003,
  title = {Modern Cosmology},
  isbn = {978-0-12-219141-1},
  author = {Dodelson, Scott},
  year = {2003},
  keywords = {Cosmology}
}

@article{vakili2019,
  title = {How {{Are Galaxies Assigned}} to {{Halos}}? {{Searching}} for {{Assembly Bias}} in the {{SDSS Galaxy Clustering}}},
  volume = {872},
  issn = {0004-637X},
  shorttitle = {How {{Are Galaxies Assigned}} to {{Halos}}?},
  journal = {The Astrophysical Journal},
  doi = {10.3847/1538-4357/aaf1a1},
  author = {Vakili, Mohammadjavad and Hahn, ChangHoon},
  month = feb,
  year = {2019},
  keywords = {galaxies: halos,large-scale structure of universe},
  pages = {115},
  file = {/Users/ChangHoon/Zotero/storage/XX9DK9CB/Vakili and Hahn - 2019 - How Are Galaxies Assigned to Halos Searching for .pdf}
}

@article{zheng2005,
  title = {Theoretical {{Models}} of the {{Halo Occupation Distribution}}: {{Separating Central}} and {{Satellite Galaxies}}},
  volume = {633},
  issn = {0004-637X},
  shorttitle = {Theoretical {{Models}} of the {{Halo Occupation Distribution}}},
  journal = {The Astrophysical Journal},
  doi = {10.1086/466510},
  author = {Zheng, Zheng and Berlind, Andreas A. and Weinberg, David H. and Benson, Andrew J. and Baugh, Carlton M. and Cole, Shaun and Dav{\'e}, Romeel and Frenk, Carlos S. and Katz, Neal and Lacey, Cedric G.},
  month = nov,
  year = {2005},
  keywords = {Galaxies: Halos,Galaxies: Formation,Cosmology: Large-Scale Structure of Universe,Cosmology: Theory},
  pages = {791-809},
  file = {/Users/ChangHoon/Zotero/storage/FLZFKDE8/Zheng et al. - 2005 - Theoretical Models of the Halo Occupation Distribu.pdf}
}

@article{angulo2016,
  title = {Cosmological {{N}}-Body Simulations with Suppressed Variance},
  volume = {462},
  issn = {0035-8711},
  journal = {Monthly Notices of the Royal Astronomical Society},
  doi = {10.1093/mnrasl/slw098},
  author = {Angulo, Raul E. and Pontzen, Andrew},
  month = oct,
  year = {2016},
  keywords = {cosmology: theory,large-scale structure of Universe,methods: numerical},
  pages = {L1-L5},
  file = {/Users/ChangHoon/Zotero/storage/WYX9BK2N/Angulo and Pontzen - 2016 - Cosmological N-body simulations with suppressed va.pdf}
}

@article{pontzen2016,
  title = {Inverted Initial Conditions: {{Exploring}} the Growth of Cosmic Structure and Voids},
  volume = {93},
  issn = {1550-7998},
  shorttitle = {Inverted Initial Conditions},
  journal = {Physical Review D},
  doi = {10.1103/PhysRevD.93.103519},
  author = {Pontzen, Andrew and Slosar, An{\v z}e and Roth, Nina and Peiris, Hiranya V.},
  month = may,
  year = {2016},
  pages = {103519},
  file = {/Users/ChangHoon/Zotero/storage/556ZRRT3/Pontzen et al. - 2016 - Inverted initial conditions Exploring the growth .pdf}
}

@article{hahn2019,
  title = {Likelihood Non-{{Gaussianity}} in Large-Scale Structure Analyses},
  volume = {485},
  issn = {0035-8711},
  journal = {Monthly Notices of the Royal Astronomical Society},
  doi = {10.1093/mnras/stz558},
  author = {Hahn, ChangHoon and Beutler, Florian and Sinha, Manodeep and Berlind, Andreas and Ho, Shirley and Hogg, David W.},
  month = may,
  year = {2019},
  keywords = {large-scale structure of Universe,cosmology: observations,methods: statistical,methods: data analysis,galaxies: statistics,cosmological parameters},
  pages = {2956-2969},
  file = {/Users/ChangHoon/Zotero/storage/3PJRJ6RV/Hahn et al. - 2019 - Likelihood non-Gaussianity in large-scale structur.pdf}
}

@article{chiang2019,
  title = {First {{Detection}} of {{Scale}}-{{Dependent Linear Halo Bias}} in {{N}} -{{Body Simulations}} with {{Massive Neutrinos}}},
  volume = {122},
  issn = {0031-9007},
  journal = {Physical Review Letters},
  doi = {10.1103/PhysRevLett.122.041302},
  author = {Chiang, Chi-Ting and LoVerde, Marilena and {Villaescusa-Navarro}, Francisco},
  month = feb,
  year = {2019},
  pages = {041302},
  file = {/Users/ChangHoon/Zotero/storage/KZICCQHI/Chiang et al. - 2019 - First Detection of Scale-Dependent Linear Halo Bia.pdf}
}

@article{chiang2018a,
  archivePrefix = {arXiv},
  eprinttype = {arxiv},
  eprint = {1710.01310},
  title = {Scale-Dependent Bias and Bispectrum in Neutrino Separate Universe Simulations},
  volume = {97},
  issn = {2470-0010, 2470-0029},
  number = {12},
  journal = {Physical Review D},
  doi = {10.1103/PhysRevD.97.123526},
  author = {Chiang, Chi-Ting and Hu, Wayne and Li, Yin and LoVerde, Marilena},
  month = jun,
  year = {2018},
  keywords = {Astrophysics - Cosmology and Nongalactic Astrophysics},
  pages = {123526},
  file = {/Users/ChangHoon/Zotero/storage/TSP3YD7I/Chiang et al. - 2018 - Scale-dependent bias and bispectrum in neutrino se.pdf;/Users/ChangHoon/Zotero/storage/A2NCB9B6/1710.html}
}

@article{yankelevich2019,
  title = {Cosmological Information in the Redshift-Space Bispectrum},
  volume = {483},
  issn = {0035-8711},
  journal = {Monthly Notices of the Royal Astronomical Society},
  doi = {10.1093/mnras/sty3143},
  author = {Yankelevich, Victoria and Porciani, Cristiano},
  month = feb,
  year = {2019},
  keywords = {cosmology: cosmological parameters,cosmology: large-scale structure of Universe,cosmology: dark energy},
  pages = {2078-2099},
  file = {/Users/ChangHoon/Zotero/storage/TMU9FP48/Yankelevich and Porciani - 2019 - Cosmological information in the redshift-space bis.pdf}
}

@article{gagrani2017,
  title = {Information {{Content}} of the {{Angular Multipoles}} of {{Redshift}}-{{Space Galaxy Bispectrum}}},
  volume = {467},
  issn = {0035-8711},
  journal = {Monthly Notices of the Royal Astronomical Society},
  doi = {10.1093/mnras/stx135},
  author = {Gagrani, Praful and Samushia, Lado},
  month = may,
  year = {2017},
  keywords = {galaxies: statistics,cosmological parameters,large-scale structure of universe,cosmology,galaxies,statistics},
  pages = {928-935},
  file = {/Users/ChangHoon/Zotero/storage/UUWR89B2/Gagrani and Samushia - 2017 - Information Content of the Angular Multipoles of R.pdf}
}

@article{takahashi2011,
  title = {Non-{{Gaussian Error Contribution}} to {{Likelihood Analysis}} of the {{Matter Power Spectrum}}},
  volume = {726},
  language = {en},
  number = {1},
  journal = {The Astrophysical Journal},
  doi = {10.1088/0004-637X/726/1/7},
  author = {Takahashi, Ryuichi and Yoshida, Naoki and Takada, Masahiro and Matsubara, Takahiko and Sugiyama, Naoshi and Kayo, Issha and Nishimichi, Takahiro and Saito, Shun and Taruya, Atsushi},
  month = jan,
  year = {2011},
  pages = {7},
  file = {/Users/ChangHoon/Zotero/storage/Q6IYC4ST/Takahashi et al. - 2011 - Non-Gaussian Error Contribution to Likelihood Anal.pdf;/Users/ChangHoon/Zotero/storage/46M2A4PR/abstract.html}
}

@article{blot2015,
  title = {Matter Power Spectrum Covariance Matrix from the {{DEUS}}-{{PUR $\Lambda$CDM}} Simulations: Mass Resolution and Non-{{Gaussian}} Errors},
  volume = {446},
  issn = {0035-8711},
  shorttitle = {Matter Power Spectrum Covariance Matrix from the {{DEUS}}-{{PUR $\Lambda$CDM}} Simulations},
  journal = {Monthly Notices of the Royal Astronomical Society},
  doi = {10.1093/mnras/stu2190},
  author = {Blot, L. and Corasaniti, P. S. and Alimi, J.-M. and Reverdy, V. and Rasera, Y.},
  month = jan,
  year = {2015},
  keywords = {dark matter,Methods: numerical},
  pages = {1756-1764},
  file = {/Users/ChangHoon/Zotero/storage/9A7UE97R/Blot et al. - 2015 - Matter power spectrum covariance matrix from the D.pdf}
}

@article{scoccimarro2004,
  title = {Probing Primordial Non-{{Gaussianity}} with Large-Scale Structure},
  volume = {69},
  language = {en},
  number = {10},
  journal = {Physical Review D},
  doi = {10.1103/PhysRevD.69.103513},
  author = {Scoccimarro, Rom{\'a}n and Sefusatti, Emiliano and Zaldarriaga, Matias},
  month = may,
  year = {2004},
  pages = {103513},
  file = {/Users/ChangHoon/Zotero/storage/RI6XQK4T/Scoccimarro et al. - 2004 - Probing primordial non-Gaussianity with large-scal.pdf;/Users/ChangHoon/Zotero/storage/NXGTQ9C2/abstract.html}
}

@article{sefusatti2007,
  title = {Bispectrum of Galaxies from High-Redshift Galaxy Surveys: {{Primordial}} Non-{{Gaussianity}} and Nonlinear Galaxy Bias},
  volume = {76},
  shorttitle = {Bispectrum of Galaxies from High-Redshift Galaxy Surveys},
  language = {en},
  number = {8},
  journal = {Physical Review D},
  doi = {10.1103/PhysRevD.76.083004},
  author = {Sefusatti, Emiliano and Komatsu, Eiichiro},
  month = oct,
  year = {2007},
  pages = {083004},
  file = {/Users/ChangHoon/Zotero/storage/6LYFTQTV/Sefusatti and Komatsu - 2007 - Bispectrum of galaxies from high-redshift galaxy s.pdf;/Users/ChangHoon/Zotero/storage/UPECFIYL/abstract.html}
}

@article{song2015,
  title = {Cosmology with Anisotropic Galaxy Clustering from the Combination of Power Spectrum and Bispectrum},
  volume = {2015},
  language = {en},
  number = {8},
  journal = {Journal of Cosmology and Astro-Particle Physics},
  doi = {10.1088/1475-7516/2015/08/007},
  author = {Song, Yong-Seon and Taruya, Atsushi and Oka, Akira},
  month = aug,
  year = {2015},
  pages = {007},
  file = {/Users/ChangHoon/Zotero/storage/Z42XSVJI/Song et al. - 2015 - Cosmology with anisotropic galaxy clustering from .pdf;/Users/ChangHoon/Zotero/storage/JJEWFKJ7/abstract.html}
}

@article{tellarini2016,
  title = {Galaxy Bispectrum, Primordial Non-{{Gaussianity}} and Redshift Space Distortions},
  volume = {2016},
  language = {en},
  number = {6},
  journal = {Journal of Cosmology and Astro-Particle Physics},
  doi = {10.1088/1475-7516/2016/06/014},
  author = {Tellarini, Matteo and Ross, Ashley J. and Tasinato, Gianmassimo and Wands, David},
  month = jun,
  year = {2016},
  pages = {014},
  file = {/Users/ChangHoon/Zotero/storage/MJ88V4JU/Tellarini et al. - 2016 - Galaxy bispectrum, primordial non-Gaussianity and .pdf;/Users/ChangHoon/Zotero/storage/5JGQWEVN/abstract.html}
}

@article{yamauchi2017a,
  title = {Multitracer Technique for Galaxy Bispectrum: {{An}} Application to Constraints on Nonlocal Primordial Non-{{Gaussianities}}},
  volume = {95},
  shorttitle = {Multitracer Technique for Galaxy Bispectrum},
  language = {en},
  number = {6},
  journal = {Physical Review D},
  doi = {10.1103/PhysRevD.95.063530},
  author = {Yamauchi, Daisuke and Yokoyama, Shuichiro and Takahashi, Keitaro},
  month = mar,
  year = {2017},
  pages = {063530},
  file = {/Users/ChangHoon/Zotero/storage/2ZF48WMQ/Yamauchi et al. - 2017 - Multitracer technique for galaxy bispectrum An ap.pdf;/Users/ChangHoon/Zotero/storage/GJAXSNLV/abstract.html}
}

@article{karagiannis2018,
  title = {Constraining Primordial Non-{{Gaussianity}} with Bispectrum and Power Spectrum from Upcoming Optical and Radio Surveys},
  volume = {478},
  language = {en},
  number = {1},
  journal = {Monthly Notices of the Royal Astronomical Society},
  doi = {10.1093/mnras/sty1029},
  author = {Karagiannis, Dionysios and Lazanu, Andrei and Liguori, Michele and Raccanelli, Alvise and Bartolo, Nicola and Verde, Licia},
  month = jul,
  year = {2018},
  pages = {1341},
  file = {/Users/ChangHoon/Zotero/storage/A64VBKD4/Karagiannis et al. - 2018 - Constraining primordial non-Gaussianity with bispe.pdf;/Users/ChangHoon/Zotero/storage/HZHRC2LZ/abstract.html}
}


