
@article{gualdi2019,
  archivePrefix = {arXiv},
  eprinttype = {arxiv},
  eprint = {1901.00987},
  title = {Geometrical Compression: A New Method to Enhance the {{BOSS}} Galaxy Bispectrum Monopole Constraints},
  issn = {1745-3925, 1745-3933},
  shorttitle = {Geometrical Compression},
  journal = {Monthly Notices of the Royal Astronomical Society: Letters},
  doi = {10.1093/mnrasl/sly242},
  author = {Gualdi, Davide and {Gil-Mar{\'i}n}, H{\'e}ctor and Manera, Marc and Joachimi, Benjamin and Lahav, Ofer},
  month = jan,
  year = {2019},
  keywords = {Astrophysics - Cosmology and Nongalactic Astrophysics},
  file = {/Users/ChangHoon/Zotero/storage/UHXH4R65/Gualdi et al. - 2019 - Geometrical compression a new method to enhance t.pdf;/Users/ChangHoon/Zotero/storage/JZY564VQ/1901.html}
}

@article{gualdi2019a,
  title = {Enhancing {{BOSS}} Bispectrum Cosmological Constraints with Maximal Compression},
  volume = {484},
  language = {en},
  number = {3},
  journal = {Monthly Notices of the Royal Astronomical Society},
  doi = {10.1093/mnras/stz051},
  author = {Gualdi, Davide and {Gil-Mar{\'i}n}, H{\'e}ctor and Schuhmann, Robert L. and Manera, Marc and Joachimi, Benjamin and Lahav, Ofer},
  month = apr,
  year = {2019},
  pages = {3713},
  file = {/Users/ChangHoon/Zotero/storage/IQ8CIAXD/Gualdi et al. - 2019 - Enhancing BOSS bispectrum cosmological constraints.pdf;/Users/ChangHoon/Zotero/storage/MIVT3KBR/abstract.html}
}

@article{gualdi2018,
  title = {Maximal Compression of the Redshift-Space Galaxy Power Spectrum and Bispectrum},
  volume = {476},
  language = {en},
  number = {3},
  journal = {Monthly Notices of the Royal Astronomical Society},
  doi = {10.1093/mnras/sty261},
  author = {Gualdi, Davide and Manera, Marc and Joachimi, Benjamin and Lahav, Ofer},
  month = may,
  year = {2018},
  pages = {4045},
  file = {/Users/ChangHoon/Zotero/storage/DCBICT34/Gualdi et al. - 2018 - Maximal compression of the redshift-space galaxy p.pdf;/Users/ChangHoon/Zotero/storage/GR8L6EER/abstract.html}
}


