
@article{mcclintock2018,
  archivePrefix = {arXiv},
  eprinttype = {arxiv},
  eprint = {1804.05866},
  primaryClass = {astro-ph},
  title = {The {{Aemulus Project II}}: {{Emulating}} the {{Halo Mass Function}}},
  shorttitle = {The {{Aemulus Project II}}},
  journal = {arXiv:1804.05866 [astro-ph]},
  author = {McClintock, Thomas and Rozo, Eduardo and Becker, Matthew R. and DeRose, Joseph and Mao, Yau-Yuan and McLaughlin, Sean and Tinker, Jeremy L. and Wechsler, Risa H. and Zhai, Zhongxu},
  month = apr,
  year = {2018},
  keywords = {Astrophysics - Astrophysics of Galaxies,Astrophysics - Cosmology and Nongalactic Astrophysics,Astrophysics - Instrumentation and Methods for Astrophysics},
  file = {/Users/ChangHoon/Zotero/storage/BKMGLRFN/McClintock et al. - 2018 - The Aemulus Project II Emulating the Halo Mass Fu.pdf;/Users/ChangHoon/Zotero/storage/38UD5B9M/1804.html}
}

@article{zhai2018,
  archivePrefix = {arXiv},
  eprinttype = {arxiv},
  eprint = {1804.05867},
  primaryClass = {astro-ph},
  title = {The {{Aemulus Project III}}: {{Emulation}} of the {{Galaxy Correlation Function}}},
  shorttitle = {The {{Aemulus Project III}}},
  journal = {arXiv:1804.05867 [astro-ph]},
  author = {Zhai, Zhongxu and Tinker, Jeremy L. and Becker, Matthew R. and DeRose, Joseph and Mao, Yao-Yuan and McClintock, Thomas and McLaughlin, Sean and Rozo, Eduardo and Wechsler, Risa H.},
  month = apr,
  year = {2018},
  keywords = {Astrophysics - Astrophysics of Galaxies,Astrophysics - Cosmology and Nongalactic Astrophysics,Astrophysics - Instrumentation and Methods for Astrophysics},
  file = {/Users/ChangHoon/Zotero/storage/7PPJ5LAR/Zhai et al. - 2018 - The Aemulus Project III Emulation of the Galaxy C.pdf;/Users/ChangHoon/Zotero/storage/JGMN9MT6/1804.html}
}

@article{rodriguez-torres2017,
  title = {Clustering of Quasars in the First Year of the {{SDSS}}-{{IV eBOSS}} Survey: Interpretation and Halo Occupation Distribution},
  volume = {468},
  issn = {0035-8711},
  shorttitle = {Clustering of Quasars in the First Year of the {{SDSS}}-{{IV eBOSS}} Survey},
  journal = {Monthly Notices of the Royal Astronomical Society},
  doi = {10.1093/mnras/stx454},
  author = {{Rodr{\'i}guez-Torres}, Sergio A. and Comparat, Johan and Prada, Francisco and Yepes, Gustavo and Burtin, Etienne and Zarrouk, Pauline and Laurent, Pierre and Hahn, ChangHoon and Behroozi, Peter and Klypin, Anatoly and Ross, Ashley and Tojeiro, Rita and Zhao, Gong-Bo},
  month = jun,
  year = {2017},
  keywords = {large-scale structure of Universe,Cosmology: Observations,quasars: general},
  pages = {728-740},
  file = {/Users/ChangHoon/Zotero/storage/5BXWKN8Q/Rodríguez-Torres et al. - 2017 - Clustering of quasars in the first year of the SDS.pdf}
}

@article{rodriguez-torres2016,
  title = {The Clustering of Galaxies in the {{SDSS}}-{{III Baryon Oscillation Spectroscopic Survey}}: Modelling the Clustering and Halo Occupation Distribution of {{BOSS CMASS}} Galaxies in the {{Final Data Release}}},
  volume = {460},
  issn = {0035-8711},
  shorttitle = {The Clustering of Galaxies in the {{SDSS}}-{{III Baryon Oscillation Spectroscopic Survey}}},
  journal = {Monthly Notices of the Royal Astronomical Society},
  doi = {10.1093/mnras/stw1014},
  author = {{Rodr{\'i}guez-Torres}, Sergio A. and Chuang, Chia-Hsun and Prada, Francisco and Guo, Hong and Klypin, Anatoly and Behroozi, Peter and Hahn, Chang Hoon and Comparat, Johan and Yepes, Gustavo and {Montero-Dorta}, Antonio D. and Brownstein, Joel R. and Maraston, Claudia and McBride, Cameron K. and Tinker, Jeremy and Gottl{\"o}ber, Stefan and Favole, Ginevra and Shu, Yiping and Kitaura, Francisco-Shu and Bolton, Adam and Scoccimarro, Rom{\'a}n and Samushia, Lado and Schlegel, David and Schneider, Donald P. and Thomas, Daniel},
  month = aug,
  year = {2016},
  keywords = {galaxies: haloes,large-scale structure of Universe,galaxies: abundances,METHODS: NUMERICAL},
  pages = {1173-1187},
  file = {/Users/ChangHoon/Zotero/storage/Q8J5TKJ4/Rodríguez-Torres et al. - 2016 - The clustering of galaxies in the SDSS-III Baryon .pdf}
}

@article{zentner2016,
  archivePrefix = {arXiv},
  eprinttype = {arxiv},
  eprint = {1606.07817},
  primaryClass = {astro-ph},
  title = {Constraints on {{Assembly Bias}} from {{Galaxy Clustering}}},
  journal = {arXiv:1606.07817 [astro-ph]},
  author = {Zentner, Andrew R. and Hearin, Andrew and van den Bosch, Frank C. and Lange, Johannes U. and Villarreal, Antonio},
  month = jun,
  year = {2016},
  keywords = {Astrophysics - Astrophysics of Galaxies},
  file = {/Users/ChangHoon/Zotero/storage/I7S6UKHN/Zentner et al. - 2016 - Constraints on Assembly Bias from Galaxy Clusterin.pdf;/Users/ChangHoon/Zotero/storage/ZAW4WHGZ/1606.html}
}

@article{zheng2007,
  title = {Galaxy {{Evolution}} from {{Halo Occupation Distribution Modeling}} of {{DEEP2}} and {{SDSS Galaxy Clustering}}},
  volume = {667},
  issn = {0004-637X},
  journal = {The Astrophysical Journal},
  doi = {10.1086/521074},
  author = {Zheng, Zheng and Coil, Alison L. and Zehavi, Idit},
  month = oct,
  year = {2007},
  keywords = {galaxies: evolution,galaxies: halos,galaxies: statistics,Cosmology: Observations,COSMOLOGY: LARGE-SCALE STRUCTURE OF UNIVERSE,galaxies: distances and redshifts},
  pages = {760-779},
  file = {/Users/ChangHoon/Zotero/storage/PVWIS4UV/Zheng et al. - 2007 - Galaxy Evolution from Halo Occupation Distribution.pdf}
}

@article{davis1985,
  title = {The Evolution of Large-Scale Structure in a Universe Dominated by Cold Dark Matter},
  volume = {292},
  issn = {0004-637X},
  journal = {The Astrophysical Journal},
  doi = {10.1086/163168},
  author = {Davis, M. and Efstathiou, G. and Frenk, C. S. and White, S. D. M.},
  month = may,
  year = {1985},
  keywords = {Astronomical Models,Red Shift,Galactic Clusters,Galactic Evolution,Many Body Problem,Cosmology,Computational Astrophysics,Computerized Simulation,Correlation,Mass Distribution,Mass To Light Ratios,Matter (Physics),Missing Mass (Astrophysics),Radial Velocity,Weak Interactions (Field Theory)},
  pages = {371-394}
}

@article{leauthaud2012,
  title = {New {{Constraints}} on the {{Evolution}} of the {{Stellar}}-to-Dark {{Matter Connection}}: {{A Combined Analysis}} of {{Galaxy}}-{{Galaxy Lensing}}, {{Clustering}}, and {{Stellar Mass Functions}} from z = 0.2 to z =1},
  volume = {744},
  issn = {0004-637X},
  shorttitle = {New {{Constraints}} on the {{Evolution}} of the {{Stellar}}-to-Dark {{Matter Connection}}},
  journal = {The Astrophysical Journal},
  doi = {10.1088/0004-637X/744/2/159},
  author = {Leauthaud, Alexie and Tinker, Jeremy and Bundy, Kevin and Behroozi, Peter S. and Massey, Richard and Rhodes, Jason and George, Matthew R. and Kneib, Jean-Paul and Benson, Andrew and Wechsler, Risa H. and Busha, Michael T. and Capak, Peter and Cort{\^e}s, Marina and Ilbert, Olivier and Koekemoer, Anton M. and Le F{\`e}vre, Oliver and Lilly, Simon and McCracken, Henry J. and Salvato, Mara and Schrabback, Tim and Scoville, Nick and Smith, Tristan and Taylor, James E.},
  month = jan,
  year = {2012},
  keywords = {dark matter,galaxies: evolution,galaxies: formation,gravitational lensing: weak,galaxies: luminosity function,mass function,galaxies: stellar content},
  pages = {159},
  file = {/Users/ChangHoon/Zotero/storage/ZZB7KQZZ/Leauthaud et al. - 2012 - New Constraints on the Evolution of the Stellar-to.pdf}
}

@article{tinker2013,
  title = {Evolution of the {{Stellar}}-to-Dark {{Matter Relation}}: {{Separating Star}}-Forming and {{Passive Galaxies}} from z = 1 to 0},
  volume = {778},
  issn = {0004-637X},
  shorttitle = {Evolution of the {{Stellar}}-to-Dark {{Matter Relation}}},
  journal = {The Astrophysical Journal},
  doi = {10.1088/0004-637X/778/2/93},
  author = {Tinker, Jeremy L. and Leauthaud, Alexie and Bundy, Kevin and George, Matthew R. and Behroozi, Peter and Massey, Richard and Rhodes, Jason and Wechsler, Risa H.},
  month = dec,
  year = {2013},
  keywords = {galaxies: evolution,galaxies: halos,Cosmology: Observations},
  pages = {93},
  file = {/Users/ChangHoon/Zotero/storage/896ASM82/Tinker et al. - 2013 - Evolution of the Stellar-to-dark Matter Relation .pdf}
}

@article{beutler2017,
  title = {The Clustering of Galaxies in the Completed {{SDSS}}-{{III Baryon Oscillation Spectroscopic Survey}}: Anisotropic Galaxy Clustering in {{Fourier}} Space},
  volume = {466},
  issn = {0035-8711},
  shorttitle = {The Clustering of Galaxies in the Completed {{SDSS}}-{{III Baryon Oscillation Spectroscopic Survey}}},
  journal = {Monthly Notices of the Royal Astronomical Society},
  doi = {10.1093/mnras/stw3298},
  author = {Beutler, Florian and Seo, Hee-Jong and Saito, Shun and Chuang, Chia-Hsun and Cuesta, Antonio J. and Eisenstein, Daniel J. and {Gil-Mar{\'i}n}, H{\'e}ctor and Grieb, Jan Niklas and Hand, Nick and Kitaura, Francisco-Shu and Modi, Chirag and Nichol, Robert C. and Olmstead, Matthew D. and Percival, Will J. and Prada, Francisco and S{\'a}nchez, Ariel G. and {Rodriguez-Torres}, Sergio and Ross, Ashley J. and Ross, Nicholas P. and Schneider, Donald P. and Tinker, Jeremy and Tojeiro, Rita and {Vargas-Maga{\~n}a}, Mariana},
  month = apr,
  year = {2017},
  keywords = {large-scale structure of Universe,surveys,Cosmology: Observations,dark energy,cosmological parameters,gravitation},
  pages = {2242-2260},
  file = {/Users/ChangHoon/Zotero/storage/7V4S3UVC/Beutler et al. - 2017 - The clustering of galaxies in the completed SDSS-I.pdf}
}

@article{wechsler2006,
  title = {The {{Dependence}} of {{Halo Clustering}} on {{Halo Formation History}}, {{Concentration}}, and {{Occupation}}},
  volume = {652},
  issn = {0004-637X},
  journal = {The Astrophysical Journal},
  doi = {10.1086/507120},
  author = {Wechsler, Risa H. and Zentner, Andrew R. and Bullock, James S. and Kravtsov, Andrey V. and Allgood, Brandon},
  month = nov,
  year = {2006},
  keywords = {Galaxies: Halos,Galaxies: Formation,Cosmology: Dark Matter,Cosmology: Large-Scale Structure of Universe,Cosmology: Theory,Methods: Numerical},
  pages = {71-84},
  file = {/Users/ChangHoon/Zotero/storage/FQ2JMW67/Wechsler et al. - 2006 - The Dependence of Halo Clustering on Halo Formatio.pdf}
}

@article{gao2005,
  title = {The Age Dependence of Halo Clustering},
  volume = {363},
  issn = {0035-8711},
  journal = {Monthly Notices of the Royal Astronomical Society},
  doi = {10.1111/j.1745-3933.2005.00084.x},
  author = {Gao, Liang and Springel, Volker and White, Simon D. M.},
  month = oct,
  year = {2005},
  keywords = {dark matter,galaxies: haloes,galaxies: clusters: general,methods: numerical,methods: N-body simulations},
  pages = {L66-L70},
  file = {/Users/ChangHoon/Zotero/storage/LIA4R8JB/Gao et al. - 2005 - The age dependence of halo clustering.pdf}
}

@article{springel2005,
  title = {The Cosmological Simulation Code {{GADGET}}-2},
  volume = {364},
  issn = {0035-8711},
  journal = {Monthly Notices of the Royal Astronomical Society},
  doi = {10.1111/j.1365-2966.2005.09655.x},
  author = {Springel, Volker},
  month = dec,
  year = {2005},
  keywords = {dark matter,methods: numerical,galaxies: interactions},
  pages = {1105-1134},
  file = {/Users/ChangHoon/Zotero/storage/C3ZJDC8Q/Springel - 2005 - The cosmological simulation code GADGET-2.pdf}
}

@article{sefusatti2006,
  archivePrefix = {arXiv},
  eprinttype = {arxiv},
  eprint = {astro-ph/0604505},
  title = {Cosmology and the {{Bispectrum}}},
  volume = {74},
  issn = {1550-7998, 1550-2368},
  number = {2},
  journal = {Physical Review D},
  doi = {10.1103/PhysRevD.74.023522},
  author = {Sefusatti, Emiliano and Crocce, Martin and Pueblas, Sebastian and Scoccimarro, Roman},
  month = jul,
  year = {2006},
  keywords = {Astrophysics},
  file = {/Users/ChangHoon/Zotero/storage/8P3NUERA/Sefusatti et al. - 2006 - Cosmology and the Bispectrum.pdf;/Users/ChangHoon/Zotero/storage/AJ7R24EN/0604505.html}
}

@article{zennaro2017a,
  title = {Initial Conditions for Accurate {{N}}-Body Simulations of Massive Neutrino Cosmologies},
  volume = {466},
  issn = {0035-8711},
  journal = {Monthly Notices of the Royal Astronomical Society},
  doi = {10.1093/mnras/stw3340},
  author = {Zennaro, M. and Bel, J. and {Villaescusa-Navarro}, F. and Carbone, C. and Sefusatti, E. and Guzzo, L.},
  month = apr,
  year = {2017},
  keywords = {large-scale structure of Universe,methods: statistical,methods: numerical,methods: data analysis,methods: analytical},
  pages = {3244-3258},
  file = {/Users/ChangHoon/Zotero/storage/22E8MKM8/Zennaro et al. - 2017 - Initial conditions for accurate N-body simulations.pdf}
}

@article{brandbyge2008,
  title = {The Effect of Thermal Neutrino Motion on the Non-Linear Cosmological Matter Power Spectrum},
  volume = {08},
  issn = {1475-7516},
  journal = {Journal of Cosmology and Astro-Particle Physics},
  doi = {10.1088/1475-7516/2008/08/020},
  author = {Brandbyge, Jacob and Hannestad, Steen and Haugb{\o}lle, Troels and Thomsen, Bjarne},
  month = aug,
  year = {2008},
  pages = {020},
  file = {/Users/ChangHoon/Zotero/storage/ARX646Q4/Brandbyge et al. - 2008 - The effect of thermal neutrino motion on the non-l.pdf}
}

@article{viel2010,
  title = {The Effect of Neutrinos on the Matter Distribution as Probed by the Intergalactic Medium},
  volume = {06},
  issn = {1475-7516},
  journal = {Journal of Cosmology and Astro-Particle Physics},
  doi = {10.1088/1475-7516/2010/06/015},
  author = {Viel, Matteo and Haehnelt, Martin G. and Springel, Volker},
  month = jun,
  year = {2010},
  pages = {015},
  file = {/Users/ChangHoon/Zotero/storage/BTDYB85K/Viel et al. - 2010 - The effect of neutrinos on the matter distribution.pdf}
}

@article{vakili2019,
  title = {How {{Are Galaxies Assigned}} to {{Halos}}? {{Searching}} for {{Assembly Bias}} in the {{SDSS Galaxy Clustering}}},
  volume = {872},
  issn = {0004-637X},
  shorttitle = {How {{Are Galaxies Assigned}} to {{Halos}}?},
  journal = {The Astrophysical Journal},
  doi = {10.3847/1538-4357/aaf1a1},
  author = {Vakili, Mohammadjavad and Hahn, ChangHoon},
  month = feb,
  year = {2019},
  keywords = {galaxies: halos,large-scale structure of universe},
  pages = {115},
  file = {/Users/ChangHoon/Zotero/storage/XX9DK9CB/Vakili and Hahn - 2019 - How Are Galaxies Assigned to Halos Searching for .pdf}
}

@article{zheng2005,
  title = {Theoretical {{Models}} of the {{Halo Occupation Distribution}}: {{Separating Central}} and {{Satellite Galaxies}}},
  volume = {633},
  issn = {0004-637X},
  shorttitle = {Theoretical {{Models}} of the {{Halo Occupation Distribution}}},
  journal = {The Astrophysical Journal},
  doi = {10.1086/466510},
  author = {Zheng, Zheng and Berlind, Andreas A. and Weinberg, David H. and Benson, Andrew J. and Baugh, Carlton M. and Cole, Shaun and Dav{\'e}, Romeel and Frenk, Carlos S. and Katz, Neal and Lacey, Cedric G.},
  month = nov,
  year = {2005},
  keywords = {Galaxies: Halos,Galaxies: Formation,Cosmology: Large-Scale Structure of Universe,Cosmology: Theory},
  pages = {791-809},
  file = {/Users/ChangHoon/Zotero/storage/FLZFKDE8/Zheng et al. - 2005 - Theoretical Models of the Halo Occupation Distribu.pdf}
}

@article{yankelevich2019,
  title = {Cosmological Information in the Redshift-Space Bispectrum},
  volume = {483},
  issn = {0035-8711},
  journal = {Monthly Notices of the Royal Astronomical Society},
  doi = {10.1093/mnras/sty3143},
  author = {Yankelevich, Victoria and Porciani, Cristiano},
  month = feb,
  year = {2019},
  keywords = {cosmology: cosmological parameters,cosmology: large-scale structure of Universe,cosmology: dark energy},
  pages = {2078-2099},
  file = {/Users/ChangHoon/Zotero/storage/TMU9FP48/Yankelevich and Porciani - 2019 - Cosmological information in the redshift-space bis.pdf}
}

@article{sefusatti2007,
  title = {Bispectrum of Galaxies from High-Redshift Galaxy Surveys: {{Primordial}} Non-{{Gaussianity}} and Nonlinear Galaxy Bias},
  volume = {76},
  shorttitle = {Bispectrum of Galaxies from High-Redshift Galaxy Surveys},
  language = {en},
  number = {8},
  journal = {Physical Review D},
  doi = {10.1103/PhysRevD.76.083004},
  author = {Sefusatti, Emiliano and Komatsu, Eiichiro},
  month = oct,
  year = {2007},
  pages = {083004},
  file = {/Users/ChangHoon/Zotero/storage/6LYFTQTV/Sefusatti and Komatsu - 2007 - Bispectrum of galaxies from high-redshift galaxy s.pdf;/Users/ChangHoon/Zotero/storage/UPECFIYL/abstract.html}
}

@article{guo2015,
  title = {Redshift-Space Clustering of {{SDSS}} Galaxies - Luminosity Dependence, Halo Occupation Distribution, and Velocity Bias},
  volume = {453},
  language = {en},
  number = {4},
  journal = {Monthly Notices of the Royal Astronomical Society},
  doi = {10.1093/mnras/stv1966},
  author = {Guo, Hong and Zheng, Zheng and Zehavi, Idit and Behroozi, Peter S. and Chuang, Chia-Hsun and Comparat, Johan and Favole, Ginevra and Gottloeber, Stefan and Klypin, Anatoly and Prada, Francisco and Weinberg, David H. and Yepes, Gustavo},
  month = nov,
  year = {2015},
  pages = {4368},
  file = {/Users/ChangHoon/Zotero/storage/7N85ATTZ/Guo et al. - 2015 - Redshift-space clustering of SDSS galaxies - lumin.pdf;/Users/ChangHoon/Zotero/storage/BMHWXD72/abstract.html}
}

@article{chudaykin2019,
  archivePrefix = {arXiv},
  eprinttype = {arxiv},
  eprint = {1907.06666},
  primaryClass = {astro-ph, physics:hep-ph},
  title = {Measuring Neutrino Masses with Large-Scale Structure: {{Euclid}} Forecast with Controlled Theoretical Error},
  shorttitle = {Measuring Neutrino Masses with Large-Scale Structure},
  journal = {arXiv:1907.06666 [astro-ph, physics:hep-ph]},
  author = {Chudaykin, Anton and Ivanov, Mikhail M.},
  month = jul,
  year = {2019},
  keywords = {Astrophysics - Cosmology and Nongalactic Astrophysics,High Energy Physics - Phenomenology},
  file = {/Users/ChangHoon/Zotero/storage/Z9D5FHFT/Chudaykin and Ivanov - 2019 - Measuring neutrino masses with large-scale structu.pdf;/Users/ChangHoon/Zotero/storage/HQWVSH2E/1907.html}
}

@article{navarro1997,
  title = {A {{Universal Density Profile}} from {{Hierarchical Clustering}}},
  volume = {490},
  language = {en},
  number = {2},
  journal = {The Astrophysical Journal},
  doi = {10.1086/304888},
  author = {Navarro, Julio F. and Frenk, Carlos S. and White, Simon D. M.},
  month = dec,
  year = {1997},
  pages = {493},
  file = {/Users/ChangHoon/Zotero/storage/NMQ85G6S/Navarro et al. - 1997 - A Universal Density Profile from Hierarchical Clus.pdf;/Users/ChangHoon/Zotero/storage/V3W8X2PV/abstract.html}
}

@article{sheth2004,
  title = {On the Environmental Dependence of Halo Formation},
  volume = {350},
  language = {en},
  number = {4},
  journal = {Monthly Notices of the Royal Astronomical Society},
  doi = {10.1111/j.1365-2966.2004.07733.x},
  author = {Sheth, Ravi K. and Tormen, Giuseppe},
  month = jun,
  year = {2004},
  pages = {1385},
  file = {/Users/ChangHoon/Zotero/storage/6XMCILYJ/Sheth and Tormen - 2004 - On the environmental dependence of halo formation.pdf;/Users/ChangHoon/Zotero/storage/5BF969EG/abstract.html}
}

@article{harker2006,
  title = {A Marked Correlation Function Analysis of Halo Formation Times in the {{Millennium Simulation}}},
  volume = {367},
  language = {en},
  number = {3},
  journal = {Monthly Notices of the Royal Astronomical Society},
  doi = {10.1111/j.1365-2966.2006.10022.x},
  author = {Harker, Geraint and Cole, Shaun and Helly, John and Frenk, Carlos and Jenkins, Adrian},
  month = apr,
  year = {2006},
  pages = {1039},
  file = {/Users/ChangHoon/Zotero/storage/7HH2C527/Harker et al. - 2006 - A marked correlation function analysis of halo for.pdf;/Users/ChangHoon/Zotero/storage/BHTFIQM7/abstract.html}
}

@article{sinha2018,
  title = {Towards Accurate Modelling of Galaxy Clustering on Small Scales: Testing the Standard {{$\Lambda$CDM}} + Halo Model},
  volume = {478},
  shorttitle = {Towards Accurate Modelling of Galaxy Clustering on Small Scales},
  language = {en},
  number = {1},
  journal = {Monthly Notices of the Royal Astronomical Society},
  doi = {10.1093/mnras/sty967},
  author = {Sinha, Manodeep and Berlind, Andreas A. and McBride, Cameron K. and Scoccimarro, Roman and Piscionere, Jennifer A. and Wibking, Benjamin D.},
  month = jul,
  year = {2018},
  pages = {1042},
  file = {/Users/ChangHoon/Zotero/storage/AD7LF2Z9/Sinha et al. - 2018 - Towards accurate modelling of galaxy clustering on.pdf;/Users/ChangHoon/Zotero/storage/TIGKYIN2/abstract.html}
}

@article{villaescusa-navarro2019,
  archivePrefix = {arXiv},
  eprinttype = {arxiv},
  eprint = {1909.05273},
  primaryClass = {astro-ph},
  title = {The {{Quijote}} Simulations},
  journal = {arXiv:1909.05273 [astro-ph]},
  author = {{Villaescusa-Navarro}, Francisco and Hahn, ChangHoon and Massara, Elena and Banerjee, Arka and Delgado, Ana Maria and Ramanah, Doogesh Kodi and Charnock, Tom and Giusarma, Elena and Li, Yin and Allys, Erwan and Brochard, Antoine and Chiang, Chi-Ting and He, Siyu and Pisani, Alice and Obuljen, Andrej and Feng, Yu and Castorina, Emanuele and Contardo, Gabriella and Kreisch, Christina D. and Nicola, Andrina and Scoccimarro, Roman and Verde, Licia and Viel, Matteo and Ho, Shirley and Mallat, Stephane and Wandelt, Benjamin and Spergel, David N.},
  month = sep,
  year = {2019},
  keywords = {Astrophysics - Cosmology and Nongalactic Astrophysics,Astrophysics - Instrumentation and Methods for Astrophysics},
  file = {/Users/ChangHoon/Zotero/storage/R6U6D9PL/Villaescusa-Navarro et al. - 2019 - The Quijote simulations.pdf;/Users/ChangHoon/Zotero/storage/GFCWQWTV/1909.html}
}

@article{beltz-mohrmann2019,
  archivePrefix = {arXiv},
  eprinttype = {arxiv},
  eprint = {1908.11448},
  primaryClass = {astro-ph},
  title = {Testing the {{Accuracy}} of {{Halo Occupation Distribution Modelling}} Using {{Hydrodynamic Simulations}}},
  journal = {arXiv:1908.11448 [astro-ph]},
  author = {{Beltz-Mohrmann}, Gillian D. and Berlind, Andreas A. and Szewciw, Adam O.},
  month = aug,
  year = {2019},
  keywords = {Astrophysics - Astrophysics of Galaxies,Astrophysics - Cosmology and Nongalactic Astrophysics},
  file = {/Users/ChangHoon/Zotero/storage/GTKC4YEZ/Beltz-Mohrmann et al. - 2019 - Testing the Accuracy of Halo Occupation Distributi.pdf;/Users/ChangHoon/Zotero/storage/GLTCEBLJ/1908.html}
}


